2738 3237
219 264 342 321 ginta
369 261 794 306 annosinnumems
821 258 1032 315 pecunias
1052 257 1258 302 »lucratus
1284 264 1365 301 est.
1422 255 1608 300 Devenit
1629 256 1723 314 jam
1750 261 1843 301 tum
1870 256 2001 302 etiam
2027 256 2226 303 Athenas
2253 259 2298 301 et
2322 257 2515 315 quidem,

221 342 260 385 si
287 334 646 395 eit-Hippocrate
676 335 1056 392 apudPlatonem
1073 336 1120 391 ¹)
1148 330 1449 393 conjecturam
1467 328 1619 379 facere
1638 333 1755 388 lieet,
1785 335 1860 392 qui
1881 349 1931 379 se
1954 339 2095 391 puero
2111 335 2515 394 Protagoraff‘p'fi-

222 432 341 461 mum
363 415 572 465 Athenas.
585 413 837 458 accessisse
860 411 1066 466 affirmat,
1094 413 1218 457 cirea
1238 426 1277 456 a.
1292 409 1391 456 ⁴45.
1445 406 1575 457 Anno
1594 411 1678 456 443
1694 418 1842 458 tamen
1863 414 2080 458 coloniam
2102 415 2158 473 ab
2171 404 2518 460 Atheniensibus

224 495 418 543 Thurios
447 494 683 536 deductam
709 492 945 534 eonfitams
974 498 1045 534 est
1068 503 1302 547 novaeque
1330 490 1494 533 civitati
1522 489 1647 546 leges
1675 490 1851 545 scripsit
1869 491 1928 546 2).
1984 489 2096 539 Quo·
2113 489 2234 533 facto
2254 478 2363 535 anas
2382 492 2519 535 nrbes

224 573 451 614 ltaliaeet
478 569 659 612 Siciliae
686 570 796 611 adiit
822 569 983 625 ibique,
1004 575 1321 624 praeterquam
1351 570 1470 625 quod
1499 570 1738 612 nobiliores
1765 568 1922 612 litteris
1949 577 1997 614 et
2022 569 2275 626 eloquentia
2303 557 2522 623 insti-usit,

226 649 322 692 sine
354 648 486 691 dubio
518 647 658 698 etiam⁴
673 661 779 689 cum
798 645 1080 701 philosoph&
1108 643 1327 692 Eleaticis
1345 653 1637 689 conversatus
1673 653 1741 689 est
1767 645 2046 704 profecitque
2084 661 2140 689 ex
2167 647 2363 702 ipsorum
2390 653 2520 703 argu·-

226 725 297 769 tiis
335 732 381 769 et
421 723 635 779 captiosis
673 722 1049 778 disputationibus.
1108 722 1391 779 Quapropter
1428 724 1643 768 neminem
1682 724 1840 768 subeat
1867 724 2031 778 mirari,
2068 725 2188 782 quod
2216 714 2522 780 Protagoram,

226 803 302 847 ubi
331 815 370 845 a.
398 800 482 845 432
521 801 593 846 vel
629 799 710 845 431
739 800 941 845 Athenas
968 800 1099 844 reffiit
1117 802 1160 856 ³)
1190 809 1233 844 et
1261 800 1380 857 apud
1411 799 1603 844 Galliam
1632 800 1819 855 divertit,
1858 814 1887 844 a
1913 799 2062 845 multis
2089 800 2348 859 peregrinis.
2363 801 2520 858 depre-

228 880 462 925 hendimus
491 880 743 924 comitatum
765 880 982 936 quodque
1010 876 1131 922 sama
1159 880 1217 923 de
1244 879 1521 936 Protagorae
1560 880 1774 924 reditione
1809 891 1914 923 mox
1951 887 2032 936 pet·
2066 881 2220 925 urbem
2259 879 2520 936 percrebuit.

229 960 328 1003 Nec
366 974 455 1003 non
494 974 550 1001 ex
589 957 763 1015 reliqua
791 958 989 1002 Platonis
1028 957 1071 1000 in
1101 957 1350 1013 Protagora
1387 957 1655 1010 narratione,
1694 971 1947 1015 quanquam
1985 957 2160 1014 singula
2197 958 2284 1002 levi
2320 957 2522 1001 irrisione

228 1035 413 1092 perfusa
440 1044 555 1087 sunt,
584 1036 817 1090 perspicue
847 1036 1143 1091 cognoscitur,
1173 1042 1337 1091 quanta
1366 1036 1554 1091 dignitas
1581 1034 1714 1079 fuerit
1741 1034 1989 1099 sophistae,
2009 1050 2140 1092 quam
2168 1036 2523 1086 concelebratum

231 1117 330 1173 ejus
358 1129 520 1158 nomen
549 1122 641 1174 tota
661 1113 879 1172 Gra-ecia.-
923 1113 1068 1169 Quam
1089 1115 1146 1160 ob
1173 1128 1267 1157 nem
1297 1112 1475 1170 dubium
1502 1127 1603 1157 esse
1633 1127 1721 1158 non
1748 1119 1907 1168 potest,
1936 1113 2040 1170 quin
2060 1113 2333 1170 Protagoras
2361 1120 2405 1157 et
2422 1120 2525 1157 ante

228 1201 273 1236 et
301 1207 369 1245 eo,
401 1194 458 1235 de
488 1205 575 1248 quo
604 1205 721 1234 nunc
749 1190 924 1247 loquor,
955 1198 1153 1245 tempore
1181 1191 1224 1233 in
1253 1189 1620 1240 nobilissimorum
1636 1192 1684 1247 4)
1715 1191 1906 1236 circulos
1944 1206 1999 1235 ac
2026 1191 2365 1239 familiaritatem
2392 1206 2522 1235 vene-

228 1272 298 1323 rit,
339 1271 422 1315 etsi
455 1270 530 1312 vix
572 1269 849 1320 crediderim,
887 1267 1132 1323 sophistam
1167 1275 1367 1311 nostrum
1403 1275 1494 1311 tum
1530 1269 1691 1312 diutius
1720 1276 2034 1312 commoratum
2063 1284 2164 1313 esse
2190 1269 2389 1322 Athenis,
2427 1270 2523 1312 sive

230 1350 350 1406 quod
386 1347 685 1402 Anaxagorae
724 1345 966 1397 accusatio,
1010 1357 1260 1402 quanquam
1288 1340 1560 1402 Protagoras
1594 1348 1741 1391 statim
1779 1349 1836 1392 ab
1873 1348 1994 1391 initio
2023 1362 2051 1392 a
2077 1347 2275 1404 physicis
2304 1349 2522 1391 diversam

231 1427 492 1484 sapientiam
531 1424 764 1482 professus
801 1431 885 1478 est,
922 1424 1016 1467 sive
1054 1425 1173 1481 quod
1204 1424 1315 1469 'belli
1354 1423 1722 1482 Peloponnesiaci
1763 1427 1935 1483 eruptio
1964 1426 2097 1470 >abire
2126 1426 2272 1484 jussit.
2334 1425 2523 1470 Omnino

230 1506 373 1549 altera
411 1504 524 1547 haec
553 1504 828 1560 Protagorae
857 1502 1043 1545 Athenis
1083 1504 1369 1546 commoratio
1408 1519 1466 1547 ex
1493 1504 1590 1547 solo
1619 1504 1817 1548 Platonis
1845 1505 2021 1563 dialogo
2060 1505 2308 1562 cognomini
2344 1505 2523 1549 conclu-

231 1578 362 1638 ditur,
404 1596 536 1642 quem
575 1584 617 1625 in
658 1581 875 1640 ejusmodi
912 1583 1049 1625 rebus
1086 1575 1314 1625 auctorem
1350 1596 1507 1638 parum
1535 1582 1802 1638 locupletem
1829 1597 1944 1636 esse,
1980 1598 2036 1626 ex
2062 1584 2150 1626 hoc
2177 1573 2273 1640 ipso
2303 1584 2524 1642 colloquio

229 1663 291 1707 ita
320 1663 546 1719 probatur,
576 1667 625 1704 ut
652 1660 898 1704 contradici
926 1666 1129 1718 nequeat.
1188 1659 1503 1704 Verumtamen
1530 1675 1746 1719 perquam
1764 1660 1994 1718 probabile
2021 1659 2102 1717 est,
2131 1663 2283 1725 viginti
2310 1677 2524 1707 annorum

231 1740 478 1794 intervallo,
516 1755 619 1787 nam
655 1747 758 1796 post
786 1754 825 1782 a.
854 1739 947 1800 424¹
974 1739 1102 1782 tertio
1149 1739 1245 1795 ipse
1274 1738 1472 1783 Athenas
1499 1739 1746 1784 accessisse
1774 1740 1961 1800 videtur,
1999 1741 2084 1785 nisi
2114 1742 2328 1801 crebrius,
2344 1741 2525 1792 .saltem

230 1819 371 1862 semel
397 1817 644 1876 sophistam
672 1817 990 1861 nobilissimum
1030 1818 1088 1858 ad
1126 1819 1279 1860 sedem
1306 1816 1426 1859 illam
1453 1817 1695 1860 litterarum
1722 1824 1767 1861 et
1793 1818 1952 1860 artium
1987 1832 2089 1862 esse
2115 1819 2382 1874 appulsum.v
2418 1820 2525 1863 Pro-

232 1906 434 1953 tagoram
461 1909 570 1943 vero
600 1902 703 1951 post
731 1909 770 1938 a
800 1895 883 1938 424
903 1894 1094 1943 ‘Athenis
1122 1892 1276 1947 fuisse,
1306 1908 1362 1937 ex
1389 1893 1698 1949 Aristophanis
1725 1894 1937 1947 Nubibus,
1971 1896 2047 1938 ubi
2066 1938 2069 1940 ,
2088 1897 2171 1940 sub
2201 1896 2398 1941 Socrat's
2425 1912 2524 1954 per-

233 1989 361 2027 sona,
398 1981 449 2016 ut
479 1975 574 2031 jam
611 1973 791 2029 saepius
831 1972 992 2025 monui,
1029 1984 1139 2027 prae
1177 1971 1336 2015 ceteris
1375 1971 1648 2027 philosophis
1675 1986 1731 2015 ac
1759 1971 1971 2028 sophistis
1997 1974 2274 2031 Protagorae
2299 1976 2526 2032 disciplina

233 2059 426 2105 notatur,
463 2050 749 2107 probabiliter
788 2050 949 2108 conjici
983 2063 1117 2106 posse
1158 2050 1346 2103 videtur,
1386 2050 1467 2093 etsi
1494 2048 1752 2093 Athenaeus
1773 2051 1818 2104 ⁵)
1844 2049 2100 2094 Abderitam
2127 2058 2338 2106 nostrum,
2367 2053 2530 2110 quippe,

378 2213 419 2246 p,
443 2189 524 2243 1⁶1,
552 2210 755 2246 quanquam
775 2199 848 2244 jam
873 2205 957 2235 unte
981 2206 1018 2235 et
1045 2204 1174 2246 poetae
1200 2206 1236 2235 et
1262 2201 1470 2249 philosophi
1505 2208 1541 2238 et
1563 2204 1721 2240 artifices
1758 2203 1905 2240 donaria
1930 2209 2154 2251 acceperunt,
2180 2191 2412 2242 cl'‚'⁵Welk‘eoe.
2437 2207 2525 2241 ssus.

377 2270 494 2306 Rhen.
521 2270 560 2307 Τ.
589 2271 617 2314 1,
643 2276 681 2316 p:
709 2271 768 2307 31.
908 2274 910 2277 ’

287 2342 322 2386 ¹)
374 2339 520 2386 Protag.
547 2340 615 2375 193
641 2338 681 2375 F.
713 2338 768 2377 CL
799 2339 905 2375 etiam
930 2338 1037 2386 Hipp.
1063 2338 1143 2387 maj.
1174 2352 1210 2388 p.
1235 2340 1281 2377 96
1310 2340 1351 2379 Ο.

283 2413 323 2456 ²)
374 2412 483 2457 Diog.
510 2410 546 2444 L.
573 2410 631 2453 IX,
659 2411 716 2445 50.
746 2449 751 2457 ,

285 2483 324 2525 ⁸)
376 2480 422 2515 Ut
446 2481 519 2524 jum
547 2491 656 2526 supra
683 2483 820 2523 monui,
845 2481 1006 2515 Platonis
1034 2481 1250 2528 Protagoras
1276 2483 1399 2517 decem
1424 2482 1484 2518 vel
1510 2484 1675 2518 undecim
1699 2486 1800 2521 annis
1824 2487 1925 2531 prius
1951 2495 2055 2532 quam
2089 2495 2146 2521 res
2178 2484 2327 2522 minoris
2360 2489 2529 2521 momenti

376 2556 524 2599 cogunt,
552 2552 576 2585 i.
605 2562 637 2586 ο.
663 2562 695 2585 a.
722 2550 792 2586 432
821 2552 881 2587 vel
906 2552 989 2597 431,
1016 2553 1157 2589 habitu·
1182 2554 1370 2601 fingendus
1396 2558 1462 2589 cut.

282 2623 321 2666 ⁴)
370 2621 522 2657 Periclis
549 2633 629 2656 cum
657 2621 855 2667 Protagora
880 2625 1128 2658 conversanti·
1154 2626 1314 2659 meminit
1338 2624 1437 2661 Plut.
1462 2635 1498 2659 v.
1526 2624 1608 2662 Per.
1635 2636 1666 2659 c.
1695 2626 1753 2661 36.
1805 2625 1930 2673 Neque
1953 2625 2161 2673 Euripidem
2191 2629 2229 2662 in
2263 2627 2432 2663 convictu
2456 2626 2532 2669 illo

375 2692 542 2727 familiari
568 2691 812 2727 desideratum
837 2692 961 2737 ruine,
988 2692 1049 2729 vel
1075 2703 1131 2727 me
1154 2704 1227 2729 non
1252 2698 1420 2729 monente
1444 2693 1672 2741 intelligitur,

278 2764 316 2806 ⁵)
366 2762 410 2799 V.
438 2761 506 2798 218
533 2761 580 2797 C:
606 2758 655 2802 ἐν
685 2752 770 2802 οὖν
796 2757 940 2819 τούτῳ
969 2761 1032 2818 τῷ
1062 2759 1251 2818 δράματι
1280 2758 1476 2815 Εὔπολις
1504 2760 1584 2808 τὸν
1614 2763 1923 2822 Πρωταγόραν
1952 2762 2011 2817 οὖς
2039 2762 2335 2821 ἐπιδημόὕντα
2363 2762 2531 2821 tls-«iret,
