2738 3305
1328 55 1430 143 41-

256 235 366 279 Post
393 248 433 279 a.
459 234 542 279 415
570 245 678 279 vero
707 234 816 278 alias
844 235 977 277 urbes
1007 234 1273 278 circumiisse
1301 237 1523 291 putandus
1551 242 1618 278 est
1633 237 1677 291 1)
1699 242 1750 280 ,et
1777 242 1868 278 tum
1896 235 2087 279 fortasse
2117 235 2212 288 fuit,
2256 249 2387 293 quum
2408 236 2521 280 The-

256 312 545 371 bisinprimis
573 325 630 358 ac
654 312 989 359 Lacedaemone
1017 319 1060 356 et
1087 313 1184 356 aliis
1212 312 1602 358 declamationibus
1639 320 1684 356 et
1702 313 1861 356 <fabula
1888 314 1961 354 illa
1990 316 2044 356 de
2075 314 2266 356 Hercule
2294 316 2528 356 maximam

254 387 402 435 famae
443 391 739 435 celebritatem
776 398 1043 435 consecutus
1081 390 1296 447 simulque
1338 392 1607 433 innumeram
1645 392 1876 446 pecuniam
1911 391 2107 434 lucratus
2127 395 2169 445 2)
2223 400 2301 446 est.
2383 394 2528 435 Rediit

254 476 412 523 tamen,
448 470 487 514 si
511 484 683 514 *revera
722 472 985 529 colloquium
1021 469 1143 522 illud,
1180 470 1310 526 quod*
1335 469 1378 512 in
1414 468 1615 511 Axiocho
1642 460 1797 510 litteris
1835 469 2100 522 mandatum,
2148 485 2187 512 a.
2216 469 2299 512 406
2336 470 2527 513 habitum

255 553 335 600 est,
361 547 574 601 Athenas,
602 563 703 592 nam
731 549 776 591 in
804 548 1001 593 Axiocho
1022 550 1064 602 3)
1095 548 1304 591 Socrates
1333 546 1456 589 dicit:
1485 546 1559 590 καὶ
1586 545 1772 603 πρώην
1799 549 1912 602 γοῦν
1940 545 2059 601 παρὰ
2075 550 2243 607 Καλλίᾳ
2263 551 2322 608 τῷ
2338 546 2530 593 Ἱππονί-

254 641 338 669 κου
365 624 629 683 ποιούμενος
659 629 742 685 (sc.
773 627 1007 681 Prodicus)
1040 624 1242 677 ἐπίδειξιν
1268 639 1307 667 κ.
1338 639 1374 667 τ.
1404 627 1441 666 λ.
1484 623 1551 668 De
1579 625 1943 682 subsequentibus
1972 625 2098 668 ‘annis
2126 640 2231 668 vero
2261 626 2367 670 nihil
2396 634 2531 670 testa·

254 706 348 746 tumv
380 705 648 761 reliquerunt
685 707 952 761 scriptores,
976 719 1226 761 quanquam
1266 718 1322 746 ex
1352 703 1546 746 Platonis
1575 702 1793 759 Apologia
1810 704 1856 757 4)
1894 703 2156 759 intelligitur,
2186 705 2419 749 Prodicum
2448 707 2530 750 So-

254 783 375 825 crati
415 785 692 838 superstitem
744 783 894 826 fuisse.
963 784 1059 825 Nec
1104 782 1233 837 plura
1278 787 1479 823 constant
1528 781 1583 822 de
1631 788 1784 833 morte,
1834 795 1921 836 qua
1969 781 2184 825 Prodicus
2233 795 2260 825 a
2298 783 2432 826 Suida
2486 791 2528 826 et

255 860 503 905 Scholiaste
520 862 713 905 Platonis
730 862 912 904 Athenis
931 863 986 904 ob
1011 860 1252 918 juventutis
1273 859 1596 914 corruptionem
1618 859 1824 901 multatus
1853 874 1951 901 esse
1973 860 2139 902 dicitur.
2198 859 2468 905 Scholiastes
2489 863 2530 917 ⁵)

255 939 431 996 quidem
458 941 518 983 ita
544 940 658 983 hanc
686 955 779 983 rem
804 940 1078 982 memoravit:
1108 940 1283 997 τελευτᾷ
1311 935 1497 980 κώνειον
1525 934 1639 979 πιών
1670 934 1754 978 ὑπὸ
1783 938 1872 978 τῶν
1899 933 2157 991 Ἀθηναίων,
2187 935 2245 988 ὥς
2272 937 2376 989 τούς
2404 938 2531 990 νεοῦς

256 1017 543 1074 διαφθείρων,
574 1032 687 1076 quae
716 1019 850 1062 verba
880 1017 1043 1060 Suidae
1073 1016 1316 1060 testimonio
1347 1014 1669 1067 confirmantur,
1701 1015 1773 1072 qui
1804 1016 1883 1057 ait:
1914 1014 1960 1057 ἐν
1979 1011 2186 1071 ’Λθήναις
2204 1015 2389 1059 κώνειον
2418 1015 2531 1059 πιών

255 1091 489 1150 ἀπέθανεν,
527 1090 585 1147 ὥς
624 1096 898 1152 διαφθείρων
939 1092 1078 1146 νέους.
1139 1094 1347 1143 Quamvis
1382 1094 1477 1151 jam
1504 1091 1741 1135 Welkerus
1759 1094 1804 1146 ⁶)
1843 1094 2044 1148 opinatus
2084 1095 2151 1146 sit,
2191 1095 2424 1136 Prodicum
2456 1104 2531 1137 aut

254 1188 355 1217 cum
383 1175 468 1217 alio
499 1175 717 1231 quopiam,
754 1175 828 1231 qui
866 1174 1052 1216 cicutam
1087 1172 1295 1224 hauserit,
1330 1177 1638 1213 commutatum
1676 1184 1774 1214 esse
1813 1178 1889 1213 aut
1928 1179 2047 1213 certe
2085 1185 2171 1214 non
2200 1172 2529 1216 Atheniensium

200 1280 207 1287 ·
248 1252 392 1309 jussu,
430 1254 510 1295 sed
548 1267 629 1296 sua
667 1261 821 1309 sponte
860 1267 926 1305 ea,
965 1266 1053 1309 qua
1082 1250 1159 1293 Cei
1196 1251 1383 1306 indeque
1413 1247 1713 1291 Massilienses
1751 1256 1933 1290 mortem
1973 1257 2191 1292 maturare
2228 1259 2528 1305 consuessent,

253 1331 422 1374 ratione
450 1346 575 1374 usum
606 1346 705 1375 esse
727 1332 787 1387 ⁷),
817 1339 961 1374 tamen
990 1329 1074 1373 illis
1103 1328 1404 1384 scriptoribus,
1435 1340 1619 1384 quorum
1648 1334 1803 1371 neuter
1825 1327 2010 1371 alterum
2032 1329 2320 1384 exscripsisse
2343 1330 2528 1383 videtur,

253 1421 342 1452 non
378 1409 439 1453 ita
480 1408 698 1466 refragari
736 1410 904 1462 ausim,
924 1416 971 1451 ut
1010 1408 1204 1463 ipsorum
1246 1406 1492 1449 testimonia
1528 1419 1711 1461 prorsus
1747 1406 1869 1448 nihili
1897 1406 2070 1459 faciam,
2110 1421 2242 1463 quum
2269 1410 2527 1463 praesertim

253 1485 409 1531 Cicero
427 1488 473 1544 ⁸)
505 1494 548 1530 et
563 1487 725 1531 Sextus
738 1487 984 1543 Empiricus
1003 1487 1046 1539 9)
1064 1476 1298 1527 Prodicum
1328 1497 1497 1527 omnem
1525 1484 1778 1542 religionem
1806 1486 2036 1529 sustulisse
2065 1484 2293 1531 affirment.
2351 1486 2528 1530 Haecce

302 1611 341 1654 ¹)
390 1610 497 1655 Apol.
524 1622 558 1655 p.
587 1611 633 1646 19
657 1610 698 1647 E.

301 1680 340 1724 ²)
388 1679 538 1714 Axioch.
565 1691 598 1725 p.
625 1680 692 1714 365
717 1679 762 1723 Β;
789 1680 936 1716 Philost.
962 1694 999 1727 p.
1028 1684 1114 1719 496:
1140 1672 1373 1729 χρημάτων
1401 1690 1444 1717 τε
1468 1672 1552 1731 γὰρ
1581 1672 1723 1731 ἥττων
1752 1674 1969 1731 ἐτυγχανε.

302 1751 340 1793 ⁸)
390 1749 429 1785 L.
445 1749 469 1784 1.
484 1749 701 1785 Hei-mannus
727 1761 813 1785 vero
841 1750 864 1785 l.
877 1751 902 1786 1.
919 1752 1011 1796 p.48
1041 1754 1091 1786 ita
1116 1753 1275 1788 disserit:
1302 1754 1334 1798 fo
1363 1755 1424 1799 bae
1451 1756 1512 1790 wit
1537 1759 1572 1791 cs
1601 1757 1670 1799 ulfo
1697 1755 1786 1799 felbft
1810 1756 1885 1799 norb
1913 1755 2014 1799 babiti
2037 1754 2155 1799 goestellt
2179 1755 2247 1798 stin
2273 1756 2374 1800 insitu
2387 1756 2521 1799 musica,

393 1818 434 1856 ob
463 1817 562 1860 Ψῐαίο
589 1819 683 1855 einen
711 1818 876 1860 wrobtcuss
903 1823 978 1855 obet
1003 1820 1144 1867 hippias
1174 1824 1295 1858 nubere
1321 1824 1375 1859 013
1403 1828 1468 1858 aue
1495 1825 1556 1857 beu
1582 1821 1836 1865 &tinutrungen
1874 1823 1979 1865 §einer
2003 1821 2158 1865 Rinbbtit
2201 1830 2279 1858 oter
2305 1829 2370 1860 aue
2394 1824 2523 1865 birca·

392 1878 490 1929 sanein
515 1888 641 1923 munte.

299 1957 339 2000 ⁴)
387 1954 427 1991 P·
454 1955 498 1989 19
525 1955 571 1989 E:
598 1974 641 1979 —
668 1951 811 2009 ὤσᾶτερ
828 1955 1018 2009 Γοργίας
1045 1968 1090 1996 τε
1119 1951 1144 1997 ὁ
1160 1957 1406 2006 Λεοντῖνος,
1436 1953 1509 1995 καὶ
1526 1953 1746 2008 Πρόδικος
1767 1953 1790 1998 ὁ
1810 1959 1948 2008 Κεῖος,
1971 1957 2044 1999 καὶ
2055 1954 2224 2008 Ἱππίας
2243 1956 2287 2000 δὲ
2307 1954 2520 2010 ὁἨλεῖος.

387 2021 557 2068 τούτων
584 2022 668 2081 γὰρ
699 2023 941 2076 ἕκαστος-
958 2021 1071 2078 οἷος
1099 2022 1131 2069 τ’
1159 2025 1311 2070 ἐστὶν
1339 2041 1378 2069 κ.
1408 2040 1444 2071 τ.
1475 2028 1512 2067 λ.
1555 2031 1650 2066 Hanc
1677 2030 1722 2065 ob
1749 2041 1901 2074 causam,
1939 2032 1969 2065 si
1996 2033 2166 2075 tempori·
2204 2034 2296 2066 ratio
2334 2033 2520 2068 habeatur.

390 2097 489 2141 prius
517 2096 561 2129 de
586 2096 740 2131 Socratis
766 2107 853 2130 nece
879 2097 1127 2142 explicandum
1152 2098 1231 2140 suit,
1257 2099 1320 2133 sed
1346 2107 1493 2145 propter
1518 2101 1802 2144 similitudinem,
1830 2112 1920 2146 quae
1945 2101 2134 2135 Prodicum
2162 2104 2255 2137 inter
2283 2109 2317 2137 et
2344 2104 2521 2149 Protago-

390 2177 465 2202 ram
491 2166 693 2209 intercedit,
724 2167 794 2210 jam
820 2168 887 2203 hoc
914 2169 993 2202 loco
1021 2168 1064 2201 de
1089 2167 1249 2212 sophista
1278 2167 1349 2203 Ceo
1376 2170 1485 2205 malui
1511 2172 1707 2216 disputare.

302 2238 341 2282 θ)
388 2236 444 2272 Ad
468 2235 561 2272 Plat.
590 2248 665 2283 rep.
692 2249 728 2282 p.
758 2239 827 2272 434
853 2239 908 2271 ed.
938 2239 1066 2272 Tauch.

302 2307 339 2351 θ)
389 2306 427 2340 L.
458 2305 483 2341 l.
511 2318 546 2351 p.
574 2308 653 2341 616.
680 2308 731 2341 De
755 2308 1027 2343 Massiliensium
1053 2314 1166 2342 morte
1190 2308 1396 2344 voluntaria
1422 2310 1465 2343 cf.
1491 2310 1673 2344 VaLliax.
1699 2310 1742 2353 11,
1769 2311 1802 2352 6,
1829 2310 1863 2352 7,
1891 2310 1935 2342 de
1965 2309 2114 2344 Ceorum
2142 2310 2279 2347 Aehv.
2306 2312 2347 2346 Β.
2374 2313 2432 2355 111,
2459 2314 2517 2347 37.

301 2377 340 2421 τ)
389 2375 426 2410 1..
453 2374 478 2412 ι,
506 2387 540 2421 p.
567 2376 650 2413 614.

256 2466 259 2471 ι
301 2446 341 2489 ⁸)
387 2445 535 2479 Donat.
562 2446 660 2480 deor.
684 2447 712 2489 1,
741 2448 803 2480 42:
856 2447 976 2488 Quid
1012 2448 1228 2483 Prodicus
1269 2449 1401 2491 Ceus,
1440 2450 1513 2493 qui
1552 2460 1618 2491 ea,
1667 2460 1781 2493 quae
1805 2434 2076 2492 prodessent
2118 2449 2336 2485 hominum
2376 2454 2516 2493 vitae,

392 2515 587 2550 deorum
613 2517 655 2549 in
680 2527 858 2551 numero
886 2518 1038 2552 habita
1064 2530 1162 2554 esse
1186 2519 1321 2562 dixit,
1349 2529 1473 2564 quam
1497 2518 1673 2552 tandem
1698 2517 1969 2563 religionem
1994 2517 2218 2564 reliquit?

302 2588 340 2629 ⁹)
388 2585 426 2619 P·
451 2586 536 2620 311:
564 2580 783 2637 Πρόδικος
812 2583 857 2626 δὲ
886 2581 909 2626 ὁ
928 2587 1034 2634 Χῖος
1065 2586 1169 2641 (leg.
1202 2587 1350 2638 Κεῖος)
1370 2582 1538 2636 ”Ηλιον,
1571 2584 1689 2640 φησὶ,
1721 2585 1793 2627 καὶ
1814 2582 2017 2640 Σελήνην
2045 2587 2118 2628 καὶ
2146 2585 2310 2641 κρήνας
2340 2588 2414 2630 καὶ
2444 2606 2515 2631 κα-

389 2650 529 2696 θόλου
557 2651 698 2696 πιῖντα
724 2651 779 2696 τὰ
807 2650 1063 2710 ώφελοῦντα
1089 2654 1167 2699 τὸν
1196 2658 1296 2712 βίον
1323 2653 1447 2713 ἡμῶν
1478 2660 1520 2701 οἱ
1548 2658 1725 2702 παλαιοὶ
1743 2655 1876 2709 θεοὺς
1895 2656 2113 2714 ἐνόμισαν,
2145 2655 2218 2701 διὰ
2241 2656 2323 2715 τήν
2346 2655 2415 2703 ἀπ’
2443 2656 2515 2704 αὐ-

390 2725 477 2768 τῶν
504 2721 727 2782 ὦφελείαν.
788 2729 839 2765 Cf.
864 2742 898 2776 p.
928 2732 994 2766 317
1022 2738 1057 2766 et
1081 2732 1209 2785 Minue.
1235 2731 1336 2767 Felix
1362 2731 1441 2767 Oct.
1469 2742 1499 2766 c.
1525 2730 1612 2765 XXI.
