2738 3237
1287 149 1390 209 42

194 300 371 357 quidem
408 298 527 345 salsa
564 306 678 353 sunt,
718 313 853 357 quum
890 298 1109 343 Prodicus
1147 314 1237 344 non
1274 299 1419 344 solum
1453 311 1587 342 unum
1624 297 1756 343 deum
1796 299 2038 345 credidisse
2075 300 2288 353 videatur,
2324 311 2478 344 verum

190 377 322 422 etiam
351 378 592 426 anirnorum
622 376 992 422 immortalitatem
1020 379 1222 423 docuerit
1247 384 1294 423 et
1320 385 1552 435 praeterea
1577 376 1710 422 talem
1739 379 1983 423 doctrinam
2013 379 2069 423 de
2095 378 2289 423 moribus
2316 377 2363 421 in
2387 390 2478 432 me·

193 457 312 502 dium
339 455 583 513 protulerit,
620 469 736 513 quae
774 462 818 500 et
845 457 1033 511 puritate
1062 463 1107 501 et
1133 457 1369 502 severitate
1397 470 1481 501 sua
1507 455 1687 512 insignis
1715 463 1834 501 esset
1851 459 1911 510 ¹),
1954 457 2035 501 sed
2062 455 2194 501 nihilo
2222 455 2364 500 minus
2389 453 2479 501 loci

191 536 370 580 excitati
398 536 443 579 in
470 550 565 578 rem
594 541 792 578 nostram
820 534 1111 578 testimonium
1140 535 1357 579 exhibent.
1412 535 1584 579 Etenim
1615 533 1858 588 declarant,
1886 533 2128 591 sophistam
2155 542 2352 579 nostrum
2368 535 2479 578 deos

191 616 431 671 populares
452 603 801 658 'Atheniensium
844 614 1083 669 sprevisse,
1124 615 1245 670 quod
1279 615 1493 672 judicium
1533 615 1572 657 si
1612 612 1798 656 Athenis
1824 613 2036 666 -innotuit,
2070 627 2198 656 nemo
2240 615 2383 669 ipsum
2420 614 2479 657 ab

189 694 365 737 interitu
404 693 627 736 vindicare
664 692 813 748 potuit.
870 691 963 735 Sed
999 692 1168 735 etiamsi
1209 691 1502 736 Athenienses
1539 692 1716 736 Prodici
1754 694 1809 735 de
1846 692 1929 736 diis
1969 693 2095 736 avitis
2137 693 2367 749 opiniones
2406 691 2479 736 vel

187 773 488 828 ignoraverint
517 772 589 816 vel
616 787 706 815 non
733 772 1025 826 respexerint,
1055 779 1212 814 contra
1238 771 1283 813 id
1311 771 1454 814 solum
1482 771 1526 814 in
1553 771 1649 826 ipso
1677 770 2050 826 reprehenderint,
2079 772 2212 829 quod,
2240 777 2289 815 ut
2316 770 2479 814 Suidas

187 857 230 893 et
258 849 535 894 Scholiastes
571 851 807 895 memoriae
843 851 1146 906 prodiderunt,
1180 851 1456 908 juventutem
1499 850 1760 905 depravaret
1787 863 1843 893 ac
1870 851 2088 906 perderet,
2123 850 2254 894 etiam
2280 848 2368 893 hoc
2395 849 2479 895 cri·

186 943 288 972 men
311 930 408 988 jam
437 927 700 983 sufficiebat,
729 937 778 973 ut
805 930 1041 987 impietatis
1069 935 1332 986 argueretur
1359 933 1404 971 et
1431 933 1572 969 morte
1599 925 1686 970 hoc
1713 926 1885 971 facinus
1913 927 2066 971 lueret.
2121 926 2298 971 Baelius
2317 927 2362 982 2)
2385 927 2479 985 qui·

190 1008 291 1051 dem
321 1008 586 1063 suspicatur,
617 1008 856 1052 Prodicum
885 1023 1101 1052 venenum
1128 1007 1330 1052 hausisse
1360 1009 1417 1051 ob
1445 1005 1613 1049 laesam
1641 1005 1898 1063 religionem
1925 1020 2010 1050 nec
2037 1007 2288 1051 dubitarunt
2316 1006 2479 1051 Suver·

187 1085 286 1128 nius
304 1084 362 1140 3),
393 1082 573 1128 Geelius
588 1086 651 1138 4),
680 1083 878 1129 Meierus
900 1083 958 1140 ⁵),
998 1084 1102 1143 quin
1140 1091 1260 1128 certe
1298 1085 1353 1128 de
1389 1084 1587 1142 sophista
1616 1084 1708 1129 Ceo
1745 1085 1802 1128 ab
1829 1083 2167 1129 Atheniensibus
2207 1091 2397 1130 sumtum
2423 1084 2480 1130 sit

190 1164 464 1219 supplicium.
520 1164 620 1220 lpse
648 1164 902 1217 Welkerus,
941 1165 980 1207 si
1007 1165 1267 1207 recordatus
1296 1171 1428 1216 esset,
1467 1177 1597 1220 quam
1627 1164 1882 1219 suspicaces
1918 1163 2080 1208 fuerint
2104 1162 2396 1208 Athenienses
2424 1165 2483 1208 de

188 1240 486 1297 sophistarum
524 1248 619 1285 arte
656 1247 700 1284 et
737 1240 1100 1297 philosophorum
1135 1241 1361 1295 doctrinis,
1403 1242 1443 1286 si
1479 1243 1740 1286 recordatus
1778 1248 1910 1296 esset,
1950 1249 2055 1300 quot
2092 1248 2137 1286 et
2171 1242 2327 1299 quales
2359 1242 2480 1287 viros

186 1327 368 1376 propter
407 1335 462 1364 ea
500 1320 693 1373 decreta,
737 1334 853 1377 quae
882 1320 1069 1364 civitatis
1106 1319 1311 1365 institutis
1340 1320 1568 1365 adversari
1596 1334 1830 1377 moresque
1859 1320 2018 1365 civium
2044 1321 2332 1376 pessumdare
2357 1319 2479 1365 vide·
2526 1351 2534 1360 .

188 1405 354 1450 rentur,
394 1398 437 1441 in
469 1398 548 1455 jus
585 1397 803 1450 duxerint,
843 1411 975 1454 quam
1003 1397 1147 1453 parati
1174 1395 1347 1451 fuerint,
1375 1397 1460 1441 nisi
1487 1398 1718 1454 graviores
1746 1412 1916 1454 poenas
1946 1399 2245 1451 decernerent,
2281 1397 2382 1442 illos
2410 1412 2480 1442 sa·

188 1477 379 1531 pientiae
407 1477 644 1533 magistros
674 1484 795 1520 certe
823 1478 933 1521 urbe
963 1478 1254 1521 exterminare
1273 1479 1334 1527 ⁶),
1362 1490 1453 1519 non
1480 1491 1655 1531 prosus,
1682 1484 1730 1520 ut
1758 1478 1927 1533 opinor,
1957 1477 2122 1521 Suidae
2150 1484 2194 1521 et
2222 1476 2481 1520 Scholiastis

190 1554 401 1606 Platonis,
432 1569 546 1611 quae
574 1568 711 1609 supra
740 1554 943 1610 produxi,
972 1555 1202 1612 rejecisset
1230 1547 1494 1598 testimonia?
1544 1555 1641 1599 Nec
1662 1569 1925 1613 quemquam
1946 1559 2190 1611 conturbet,
2219 1557 2341 1613 quod
2352 1554 2480 1598 Plato
2522 1549 2528 1555 ¹

190 1647 406 1689 nusquam
435 1633 567 1691 hujus
597 1633 888 1676 damnationis
914 1633 1180 1676 mentionem
1208 1631 1328 1685 fecit,
1355 1647 1457 1675 nam
1479 1634 1606 1676 Plato
1634 1648 1691 1677 ne
1719 1635 1930 1690 scriptum
1958 1636 2133 1692 quidem
2152 1634 2338 1691 reliquit,
2367 1647 2480 1690 quae
2523 1684 2525 1686 ,

245 1829 282 1871 ¹)
308 1814 505 1862 'Prodicus
542 1826 609 1868 (cf.
636 1826 728 1864 Plat:
752 1837 832 1871 rep.
856 1826 901 1870 X,
926 1827 996 1861 600
1021 1825 1067 1869 C)
1099 1827 1182 1870 jure
1216 1829 1443 1870 nuncapatur
1477 1816 1751 1876 ἆρεταλίγος,
1787 1825 1872 1870 quia
1895 1825 2030 1869 primus
2063 1824 2265 1869 praeclaras
2288 1824 2482 1859 sententias

337 1894 484 1930 videtur
512 1894 639 1928 effatus
678 1904 770 1929 esse.
817 1893 876 1928 Sic
914 1891 1050 1935 docuit,
1088 1892 1232 1928 divitias
1272 1894 1406 1929 bonum
1441 1905 1514 1928 non
1550 1904 1628 1928 esse
1664 1893 1731 1936 (cf.
1756 1892 1866 1936 Eryx.
1895 1893 1952 1935 13,
1978 1893 2036 1936 17,
2066 1893 2144 1938 19),
2184 1904 2228 1927 ex
2265 1892 2483 1939 agricultura

337 1965 485 2001 deorum
523 1973 668 2010 quoque
704 1962 841 1999 cultum
877 1962 1035 2008 pendere
1071 1961 1262 2005 (Themist.
1287 1960 1392 2005 XXX,
1429 1957 1530 2004 349),
1572 1971 1677 2006 quam
1716 1962 1929 1997 senteutiam
1956 1961 2083 1998 Cicero
2120 1968 2156 1998 et
2191 1961 2321 1998 Sextus
2357 1959 2482 2007 Empi-

337 2036 434 2071 ricus
482 2044 669 2080 perperam
719 2033 947 2079 interpretati
994 2036 1091 2077 sunt,
1140 2031 1245 2077 hujus
1293 2031 1391 2067 vitae
1438 2031 1683 2067 conditionem
1731 2041 1811 2068 esse
1856 2031 2088 2068 miserrimam
2136 2040 2349 2079 omnemque
2383 2041 2482 2078 spem

336 2111 495 2140 nostram
524 2107 560 2139 in
585 2107 661 2140 vita
685 2110 769 2151 post
796 2109 945 2139 mortem
970 2103 1091 2138 futura
1114 2101 1356 2148 reponendam
1383 2100 1449 2144 (cf.
1475 2101 1629 2138 Axioch.
1655 2101 1738 2145 17).

246 2178 284 2221 ²)
334 2175 376 2212 V.
400 2174 510 2212 Prod.

248 2248 286 2288 ³)
335 2246 388 2281 De
411 2245 545 2281 Nubib.
572 2257 610 2290 p.
637 2243 695 2279 89.

248 2318 288 2361 ⁴)
340 2316 559 2350 Historia
586 2314 760 2349 critica
787 2312 1137 2357 Sophistarum,
1164 2312 1246 2356 qui
1272 2311 1494 2347 Socratis
1522 2316 1686 2347 aetate
1709 2311 1913 2348 Athenis
1936 2312 2200 2349 floruerunt
2223 2314 2364 2359 p.149.

252 2391 289 2431 ὓ)
340 2388 379 2422 In
406 2386 531 2422 Ersch.
559 2390 595 2419 et
623 2381 732 2419 Grub.
756 2381 906 2426 Encycl.
931 2393 968 2418 v.
993 2381 1165 2427 Diagoras
1191 2393 1228 2426 p.
1254 2382 1322 2417 447
1348 2395 1386 2419 n.
1411 2380 1445 2417 7.

251 2461 287 2501 θ)
339 2457 414 2492 Hoc
435 2457 507 2501 jam
536 2467 579 2490 ex
603 2454 762 2489 Platonis
789 2451 918 2499 Gorgia
943 2465 980 2497 p.
1006 2453 1075 2488 456
1095 2451 1123 2486 Ε
1150 2457 1185 2487 et
1210 2465 1244 2497 p.
1270 2453 1340 2488 460
1360 2452 1388 2488 D
1416 2452 1507 2487 effici
1536 2463 1643 2498 posse
1666 2452 1825 2489 videtur.
1862 2453 2027 2489 Fortasse
2052 2454 2157 2488 etiam
2178 2452 2312 2488 Critiae
2336 2453 2484 2489 exilium

344 2539 376 2563 a.
402 2528 486 2570 406,
512 2527 575 2572 qui
603 2509 785 2561 Socratem
809 2523 962 2566 audivit,
996 2523 1059 2567 qui
1084 2534 1164 2557 cum
1187 2521 1360 2567 Euripide
1384 2522 1586 2567 tragoedias
1624 2523 1771 2567 scripsit
1803 2527 1838 2556 et
1874 2524 1910 2557 in
1946 2522 2130 2557 atheorum
2162 2533 2310 2558 numero
2345 2522 2487 2559 habitus

345 2603 412 2640 est,
452 2602 492 2631 ut
518 2607 562 2630 ex
586 2595 685 2631 Sext.
710 2593 813 2639 Emp.
841 2605 879 2639 p.
907 2592 974 2627 562
1001 2592 1089 2637 ibiq.
1116 2590 1256 2627 Fabric.
1283 2592 1467 2635 discimus,
1503 2602 1583 2626 cum
1609 2592 1803 2638 impietatis
1828 2592 2079 2627 criminatione
2102 2592 2329 2639 aliquatenus
2354 2594 2486 2630 cohae-

344 2675 412 2705 ret.
461 2668 589 2703 Mirum
616 2676 761 2712 quoque
787 2669 852 2707 est,
888 2662 986 2709 quod
1021 2662 1146 2697 eodem
1181 2667 1343 2707 tempore
1365 2662 1557 2708 Euripides
1582 2664 1731 2709 patriam
1761 2663 1911 2710 reliquit
1938 2669 2203 2711 extremamque
2226 2667 2323 2701 vitae
2349 2671 2486 2712 partem

347 2739 442 2785 apud
467 2738 681 2774 Archelaum
715 2746 836 2782 regem
873 2736 1059 2781 transegit.
1107 2734 1355 2779 Sophistarum
1391 2734 1535 2781 quidem
1570 2734 1791 2779 Polycrates,
1830 2739 1870 2770 ut
1905 2734 2078 2772 Isocrates
2102 2714 2265 2783 affirmsst,
2301 2735 2369 2772 sub
2394 2735 2485 2771 illud

346 2815 486 2857 tempus
511 2809 642 2856 injuste
666 2807 817 2844 Athenis
842 2805 977 2852 ejectus
1003 2810 1071 2844 est·
1122 2803 1177 2843 Cf.
1203 2804 1362 2843 Welker.
1400 2804 1427 2844 1.
1454 2805 1478 2841 l.
1505 2818 1542 2853 p.
1570 2804 1648 2844 571.
1672 2817 1708 2842 n.
