2738 3305
235 194 321 252 qui-
345 206 440 238 non
478 193 682 236 inductus
701 189 777 237 vsit
812 191 869 234 ab
897 188 1096 246 Amipsia
1129 190 1174 233 in
1201 188 1369 244 Conno,
1392 192 1554 234 eodem
1582 204 1671 248 quo
1700 192 1852 236 Nubes
1881 199 1925 235 et
1952 205 2069 235 anno
2110 199 2154 235 et
2182 191 2296 235 festo
2326 194 2446 247 data,
2476 191 2523 237 ἐν

233 273 295 332 τῷ
345 271 434 315 τῶν
455 270 753 328 ῑφροντιστῶν
802 269 936 328 χορῷ,
960 297 966 302 ,
994 275 1150 312 contra
1198 268 1245 312 in
1285 268 1514 324 Eupolidis
1554 268 1885 322 Adulatoribm,
1937 284 2050 326 quae
2104 284 2145 314 a.
2174 269 2257 313 491
2299 278 2400 315 acta
2440 279 2521 324 est,

232 356 412 407 praesto
440 362 554 393 esse
571 349 756 402 dicatur,
784 349 897 392 inter
925 361 964 390 a.
992 344 1075 390 493
1104 354 1150 392 et
1176 346 1256 389 421
1278 347 1514 390 advenisse
1544 349 1777 391 contendit.
1833 348 1894 391 At
1921 363 2025 392 vero
2054 348 2278 405 Amipsias
2307 349 2520 407 Protago-

232 441 329 472 ram
354 434 529 485 poterat
552 424 643 472 don
671 428 733 470 in
727 439 923 470 scenam
950 423 1161 469 inducere
1186 432 1371 482 propter
1399 438 1560 468 causas
1587 425 1714 468 nobis
1741 425 1917 482 ignotas
1945 432 1990 469 et
2010 426 2233 483 Eupolis
2220 441 2364 483 ipsum
2390 441 2518 483 prae-

232 511 401 551 sentem
441 503 624 563 fingere,
665 503 865 563 quamvis
903 504 1080 547 absens
1102 503 1241 547 esset-⁸
1289 503 1443 546 Nubes
1488 510 1644 546 contra
1670 502 1978 559 Aristophanis
2016 519 2071 547 ex
2110 506 2278 548 recenti
2303 506 2516 548 memoria

231 584 376 628 ιιοὺπὶ
403 582 641 639 sophistae
655 579 839 641 ejusque
866 582 1047 626 rationis
1075 588 1120 624 et
1146 581 1327 635 instituti
1356 588 1598 636 conceptae
1628 582 1846 634 videntur,
1889 595 2020 638 quam
2051 585 2106 625 ob
2133 598 2226 626 rem
2256 584 2408 639 ipsum
2421 585 2518 642 jam

231 667 332 716 post
361 674 400 702 a.
427 658 524 714 494,
564 674 651 717 quo
695 660 838 702 denuo
877 666 922 702 et
958 659 1031 701 alii
1069 658 1153 700 viri
1189 657 1349 700 eruditi
1383 658 1428 700 in
1455 657 1783 702 Atheniensium
1822 661 1932 703 urbe
1963 660 2235 715 peregrinari
2263 669 2517 716 coeperunt,

231 738 429 781 Athenas
457 740 665 781 revisisse
689 738 818 781 nobis
831 738 1175 792 persuademus.
1206 762 1208 768 ι
1230 735 1552 792 Insequentium
1580 750 1796 779 annorum
1823 737 2035 780 memoria
2065 737 2241 793 quidem
2269 737 2517 782 oblitterata

233 824 314 871 δὲ,
340 818 423 860 sed
443 817 617 860 confido
635 816 748 860 inde'
759 817 817 859 ab
847 815 922 859 illo
951 801 1150 871 tempore
1164 814 1454 871 Protagoram
1481 812 1781 872 plerumque
1769 829 1815 859 m
1831 814 2161 860 Atheniensium
2188 817 2297 861 urbe
2328 823 2516 861 aetatem

232 897 377 954 egisse
415 898 560 966 ibique
604 910 632 939 a
669 895 808 967 Callia
828 897 886 950 ²),
923 894 1166 947 Alcibiade,
1208 891 1412 945 Euathlo,
1448 890 1723 949 Archagora,
1761 892 1986 949 Euripide,
2032 893 2227 939 Isocrate
2249 896 2293 948 ²)
2331 893 2515 952 aliisque

231 973 501 1032 permultis,
501 960 573 1017 vel
593 960 771 1031 generis
793 961 1003 1030 dignitate
1019 966 1273 1028 conspicuis
1291 971 1364 1015 vel
1395 972 1595 1015 doctrina
1622 971 1873 1026 illustribus,
1902 972 2164 1017 honoratum
2204 980 2247 1017 et
2275 973 2514 1029 locupleta-

232 1051 335 1108 tum,
373 1065 474 1109 cum
510 1051 616 1096 aliis
644 1036 921 1114 philosophis
957 1065 1013 1093 ac
1047 1051 1296 1094 rhetoribus
1323 1064 1447 1103 vero,
1484 1057 1532 1092 ut
1559 1050 1759 1103 Socrate,
1797 1050 2009 1108 Diagora,
2040 1051 2219 1108 Gorgia,
2251 1052 2376 1105 Polo,
2406 1052 2512 1095 Pro·

232 1130 346 1183 dice,
376 1129 488 1184 aliis,
516 1131 704 1187 saepius
723 1130 989 1179 collocutum
1018 1137 1061 1173 et
1083 1135 1390 1187 conversatum
1418 1128 1567 1171 fuisse.
1623 1129 1781 1172 Hunc
1769 1145 1813 1172 ιιι
1835 1131 2012 1172 modum
2041 1128 2286 1174 incredibili
2307 1128 2515 1174 felicitate

231 1222 313 1264 per
339 1207 573 1252 multorum
601 1223 814 1252 annorum
842 1208 1028 1264 spatium
1059 1206 1263 1250 floruisse
1291 1207 1477 1259 videtur,
1507 1207 1650 1249 donec
1678 1208 1759 1250 sub
1788 1207 1904 1249 vitae
1922 1207 2084 1250 exitum
2105 1210 2161 1251 ob
2188 1208 2347 1250 librum
2377 1222 2513 1264 quen·

232 1286 346 1339 dam,
376 1285 451 1343 qui
477 1268 577 1341 moi.
593 1285 716 1333 Θεῶν
744 1285 980 1342 inscriptus
1007 1291 1104 1328 erat
1133 1297 1349 1341 quemque
1387 1290 1463 1326 aut
1488 1284 1583 1339 ipse
1611 1284 1655 1327 in
1670 1284 1890 1340 Euripidis
1918 1285 1989 1328 vel
2017 1286 2059 1328 in
2076 1285 2340 1343 Megaclidis
2365 1288 2513 1338 domo,

230 1370 307 1407 aut
333 1363 633 1421 Archagoras,
671 1364 809 1420 ipsius
839 1363 1093 1420 discipulus,
1120 1364 1165 1406 in
1191 1363 1341 1419 Lyceo
1360 1359 1435 1415 ³),⁸
1455 1362 1530 1406 ubi
1558 1377 1692 1420 quum
1719 1362 1793 1405 alii
1822 1362 2045 1418 sophistae
2074 1371 2165 1407 tum
2194 1364 2411 1407 Prodicus
2440 1363 2513 1408 vel

230 1442 374 1486 subito
411 1440 485 1486 vel
523 1442 578 1485 de
601 1442 779 1498 >scripto
818 1441 1166 1495 declamitarunt,
1201 1440 1417 1495 recitavit,
1452 1442 1496 1484 in
1534 1448 1779 1485 extremum
1818 1442 2050 1485 discrimen
2087 1443 2142 1485 ab
2171 1441 2512 1486 Atheniensibus

231 1520 390 1564 ductus
417 1527 495 1564 est.
550 1511 751 1579 Namque
780 1521 895 1566 illius
922 1514 1023 1566 libri
1048 1520 1279 1566 exordium
1307 1531 1440 1577 quum
1478 1518 1538 1562 ita
1566 1526 1746 1563 sonaret
1761 1518 1831 1575 4).
1889 1518 1999 1574 Περὶ
2027 1517 2107 1575 μὲν
2143 1520 2264 1561 θεῶν
2303 1515 2386 1562 οὐκ
2427 1519 2509 1576 ἔχω

231 1595 410 1655 εἰδέναι,
438 1594 529 1642 εἶθ’
548 1597 666 1656 (alii
675 1594 808 1669 οὔτε)
828 1595 888 1650 ὦς
917 1598 1039 1653 εἰσὶν,
1069 1593 1148 1642 εἴθ’
1179 1594 1322 1655 (οὔτε)
1353 1592 1414 1648 ὥς
1442 1591 1525 1639 οὐκ
1554 1596 1677 1640 εἰσίν.
1717 1593 1857 1639 πολλὰ
1883 1594 1969 1653 γὰρ
1998 1595 2051 1640 τὰ
2079 1596 2311 1641 κωλύοντα
2335 1598 2508 1653 εὐδέναι,

228 1674 259 1735 ἢ
286 1693 332 1721 τε
361 1670 574 1735 ἀδηλότης
608 1665 697 1722 κά).
721 1666 907 1736 βραχιῖς
922 1693 986 1720 ων
1015 1672 1040 1720 ὁ
1070 1676 1167 1734 βίος
1194 1675 1275 1719 τοῦ
1304 1669 1565 1731 ἀνθρώπου,
1593 1688 1622 1718 a
1649 1674 1903 1731 Pythodoro
1932 1682 2008 1718 aut
2035 1675 2226 1719 Euathlo
2264 1678 2307 1720 in
2330 1678 2406 1735 jus
2434 1691 2508 1720 vo-

231 1764 356 1801 catus
410 1764 479 1801 est
498 1759 559 1805 ⁵)
570 1744 793 1813 additque
832 1747 1057 1812 Josephus
1099 1761 1256 1822 contra
1290 1753 1507 1809 Apionem
1523 1755 1584 1807 ⁶),
1635 1753 1939 1810 Protagoram,
1985 1755 2069 1798 nisi
2113 1754 2266 1820 fugam
2304 1757 2509 1801 citissime

297 1935 301 1942 -<
364 1908 808 1969 Ἀμειψίας,δ’ἐν·,τῷ
844 1908 1019 1970 Κόννῳ,
1059 1883 1400 1966 δύο,,πρότερον
1438 1908 1550 1953 ἔτεσι
1593 1908 1855 1966 διδαχθέντι,
1895 1906 1951 1952 οὗ
1989 1914 2256 1967 καταριθμεῖ
2293 1908 2430 1955 αὐτὸν
2461 1913 2508 1956 ἐν

368 1986 428 2043 τῷ
457 1985 547 2030 τῶν
574 1984 860 2042 onomaton
877 1984 1005 2040 χορῷ.
1064 1983 1200 2038 δῆλον
1227 1974 1312 2026 οὖν
1339 1976 1398 2031 ὥς
1425 1977 1583 2036 μεταξι)
1613 1977 1784 2023 τούτων
1811 1980 1902 2025 τῶν
1927 1977 2102 2035 χρόνων
2130 1980 2440 2038 παραγέγονεν.

280 2058 318 2101 ¹)
366 2057 420 2098 Dc
444 2055 787 2102 Callia,‚11ipponici
815 2055 905 2099 filio,
930 2055 975 2091 ad
1000 2065 1106 2102 quem
1128 2052 1317 2100 Eupolidis
1346 2047 1544 2100 Κόλακες
1585 2051 1804 2097 spectabant,
1831 2052 1868 2084 in
1897 2052 1997 2095 cujus
2023 2052 2127 2086 domo
2149 2054 2333 2099 magnifica
2347 2054 2507 2091 Platonis

369 2126 582 2173 Protagoran
617 2131 652 2161 et
674 2125 922 2172 Xenophontis
947 2125 1176 2173 symposium
1207 2123 1321 2160 habiti
1354 2128 1450 2168 aunt,
1486 2123 1532 2159 ct.
1556 2121 1684 2157 Stallb.
1710 2120 1754 2155 ad
1786 2120 1877 2155 Plat.
1900 2120 2007 2166 Apol.
2038 2115 2084 2167 pl
2102 2122 2145 2156 29
2172 2128 2208 2156 et
2240 2108 2367 2174 Pauly.
2403 2123 2506 2160 Sital-

370 2193 607 2241 &tulupam
629 2194 803 2240 T‚,11.7p.
831 2194 888 2231 81.

280 2268 319 2311 ¹)
367 2265 468 2303 Suid.
493 2277 528 2301 v.
558 2266 729 2319 Πρωτμ
760 2259 1019 2314 διδάσκαλος
1049 2265 1116 2310 (sc.
1136 2263 1368 2312 Protagoras)
1397 2257 1444 2303 δὲ
1472 2256 1626 2315 γέγονε
1654 2259 1729 2302 καὶ
1755 2259 1835 2302 τοῦ
1863 2256 2049 2317 ῥήτορος
2074 2255 2338 2317 Ἰσοκράτου.

280 2340 319 2383 ⁸)
366 2338 483 2385 Diog.
500 2337 544 2375 L
542 2337 623 2385 1x,
637 2338 704 2374 54.
741 2366 753 2383 ν,

246 2440 248 2445 ⁴
279 2407 345 2453 ⁴)
365 2405 420 2445 lh.
449 2405 518 2452 51;
542 2404 616 2443 Cic.
628 2405 686 2442 de
708 2410 783 2444 nat.
810 2405 907 2442 deor.
936 2408 970 2451 1,
997 2406 1058 2445 23

281 2478 318 2522 Ι·)
366 2475 764 2522 1b.54.Pythodorus
789 2488 880 2512 unus
906 2482 995 2512 erat
1008 2487 1055 2511 ex
1077 2476 1359 2523 quadringentis,
1383 2476 1558 2511 Euathlus
1583 2487 1670 2510 vero
1696 2475 1894 2521 discipulus
1912 2475 2141 2520 Protagorae,
2169 2477 2229 2520 qui
2259 2476 2302 2509 ab
2317 2476 2500 2521 Aristoph.

370 2546 522 2583 Acharn.
547 2558 583 2593 v,
610 2547 681 2589 ⁷10
705 2552 740 2593 et
764 2546 870 2593 Vesp.
896 2546 1018 2585 v.592
1042 2546 1255 2582 traducitur.
1308 2546 1361 2583 Cf.
1387 2546 1431 2581 de
1456 2548 1535 2594 ipso
1561 2545 1653 2582 Gell.
1677 2546 1741 2582 lib.
1767 2547 1808 2590 V,
1839 2547 1900 2589 103
1928 2545 2071 2591 Apulcj.
2098 2545 2233 2580 Florid.
2262 2546 2321 2581 18.

280 2620 320 2664 ⁰)
365 2618 409 2662 11,
435 2617 577 2664 n01⁰⁷9
601 2615 642 2652 F:
662 2616 705 2660 ἐἰ
730 2611 789 2672 μή
818 2615 984 2659 θᾶττον
1012 2613 1163 2672 ἔφυγε,
1192 2615 1460 2673 συλληφθεὶς
1488 2613 1545 2660 ἄν
1572 2613 1808 2672 ἐτεθνήκει,
1837 2612 2009 2670 γράψας
2037 2629 2082 2657 τε
2118 2612 2246 2666 δόξας
2284 2610 2366 2671 οὐχ
2403 2613 2502 2672 ὁμο·

340 2730 343 2733 ,
368 2687 638 2748 zoyodmov
664 2692 754 2741 τοῖς
780 2682 1028 2744 Ἀθηναίοις
1067 2687 1167 2746 περὶ
1206 2687 1338 2733 θεῶν,
1400 2688 1513 2724 Paulo
1540 2688 1644 2724 auter
1670 2687 1820 2724 Philon.
1850 2687 1922 2721 vv,
1949 2687 2059 2731 Soph.
2087 2685 2136 2721 x:
2199 2681 2289 2727 Aa&
2306 2712 2310 2716 .
2327 2684 2407 2740 μὲν
2449 2690 2502 2744 5⁷}

1646 2759 1705 2811 ὅ*
