2738 3305
1425 67 1459 79 l

1327 125 1422 187 21-

225 283 467 333 putaretur,
491 281 674 317 senatus
701 280 747 315 et
772 273 963 330 populus
988 265 1187 330 profi'nus
1214 275 1258 334 in
1288 272 1500 315 concione
1529 271 1772 326 edixerunt,
1814 279 1863 315 ut
1892 273 2030 316 cuivis
2060 273 2130 317 vel
2162 273 2246 315 civi
2275 274 2346 317 vel
2373 274 2513 332 inqui·

226 354 314 398 lino
342 354 415 396 vel
442 365 580 395 servo⁴
601 351 754 394 liceret
781 365 936 395 eorum
963 352 1141 394 nomina
1168 349 1358 404 deferre,
1389 350 1467 408 qui*
1490 350 1536 392 id
1564 349 1711 393 scelus
1732 352 2050 396 commisissent
2068 359 2143 396 aut
2172 351 2259 395 alio
2291 352 2515 408 qualicun-

228 445 315 490 que
351 432 483 474 modo
523 438 656 474 sacra
692 429 944 473 violassent.
1002 429 1103 479 Quo
1132 428 1251 472 facto
1281 434 1470 486 quatuor
1499 427 1741 471 delationes
1769 443 1869 473 sese
1899 430 2083 474 invicem
2114 436 2396 487 excepenmt,
2424 430 2513 473 An-

228 507 454 551 dromachi
494 508 625 561 servi,
669 506 843 560 Teucri,
884 506 1129 563 Agaristes,
1182 506 1296 563 Lydi
1339 507 1456 549 servi
1476 508 1535 561 ²),
1580 507 1654 564 qui
1680 506 1842 562 singuli
1883 509 2091 564 mysteria
2134 507 2371 564 profanata
2413 521 2514 551 esse

229 588 551 632 denuntiabant.
608 586 757 630 Prima
796 591 839 629 et
874 586 1004 630 tertia
1042 584 1203 630 delatio
1240 585 1355 630 inter
1381 584 1493 631 alios
1520 585 1866 631 Alcibiadem
1904 601 2080 645 quoque
2108 587 2409 643 prodiderant,
2439 582 2513 643 qui

228 680 362 723 quum
389 666 445 709 ab
474 664 696 710 Androcle
733 678 814 720 per
843 664 1113 719 εἰςαγγελίαν
1149 675 1379 708 sacrorum
1416 665 1678 708 violatorum
1720 672 1956 708 accusatus
1999 672 2131 718 esset,
2172 666 2422 721 postulavit,
2466 674 2517 708 ut

229 745 285 787 de
312 757 363 787 se
390 749 624 798 praesente
650 743 849 800 quaestio
878 743 1129 795 haberetur,
1171 743 1252 785 sed
1281 744 1400 799 quod
1436 742 1685 797 postulavit,
1724 757 1814 785 non
1842 743 2100 798 impetravit.
2169 743 2338 785 Etenim
2375 745 2514 799 ipsius

226 820 386 865 inimici
412 819 543 864 haud
558 819 828 874 nesciebant,
873 834 1005 877 quam
1047 818 1269 876 gratiosus
1310 826 1429 864 esset
1456 820 1707 865 Alcibiades
1746 822 1863 877 apud
1906 822 2158 874 exercitum,
2202 822 2276 878 qui
2319 836 2372 865 eo
2414 823 2512 877 ipso
2584 859 2589 867 ,

228 894 425 955 tempore
453 905 631 955 praesto
662 905 772 952 erat,
800 898 1225 956 perspiciebantque,
1252 898 1389 942 multo
1410 897 1586 942 facilius
1603 905 1647 942 et
1666 898 1815 942 utilius
1832 898 1944 953 fore,
1973 901 2199 943 absentem
2221 913 2344 942 reum
2366 913 2512 955 agere.

227 977 284 1021 Et
308 976 569 1021 revetavix
596 959 822 1033 profectus
850 983 946 1020 erat
974 975 1228 1022 Alcibiades
1256 991 1357 1021 cum
1387 976 1545 1042 classe,
1582 991 1716 1034 quum
1744 977 1930 1033 primum
1958 976 2182 1021 Dioclides
2203 977 2262 1034 2),
2305 985 2395 1021 tum
2422 977 2512 1020 An·

226 1057 409 1101 decides
430 1058 472 1108 3)
501 1070 557 1101 ea
583 1056 642 1099 ad
669 1055 970 1113 magistratum
999 1056 1261 1111 detulerunt,
1289 1058 1446 1114 quibus
1472 1055 1649 1112 plurimi
1674 1055 1891 1113 fugerent,
1927 1057 2049 1100 multi
2076 1058 2281 1100 continuo
2312 1058 2371 1100 ad
2410 1071 2512 1112 sup·

224 1135 402 1192 plicium
430 1136 720 1179 ducerentur..
763 1132 909 1183 Quum
936 1148 1043 1178 vero
1070 1133 1325 1178 Andocides
1354 1149 1467 1186 etun,
1495 1134 1542 1177 in
1572 1148 1700 1190 quem
1721 1135 1815 1191 jam
1843 1134 1991 1177 multis
2007 1136 2396 1178 obtrectationibus
2421 1150 2511 1177 om-

225 1213 347 1258 nium
374 1212 503 1256 animi
529 1212 684 1255 irritati
711 1219 756 1254 et
781 1211 972 1267 instigati
999 1219 1161 1265 essent,
1188 1211 1460 1256 Alcibiadem
1487 1213 1602 1266 dico,
1628 1228 1716 1256 non
1745 1213 2055 1268 compellasset
2092 1213 2284 1263 crimine,
2324 1213 2515 1270 denique

224 1290 467 1335 Thessalus
480 1291 684 1343 surrexit,
700 1291 776 1348 qni
796 1291 951 1343 ipsum,
968 1289 1131 1343 quippe
1144 1289 1460 1345 magistratum,
1475 1291 1631 1331 iterum
1646 1304 1728 1344 per
1742 1289 2009 1345 εῑςαγγελίαν
2024 1291 2079 1330 de
2094 1289 2312 1345 mysteriis
2326 1288 2513 1344 proditis

227 1372 476 1418 accusaret,
503 1367 623 1422 quod
651 1362 815 1405 arianen
843 1376 897 1403 eo
925 1361 1067 1418 majus
1095 1368 1204 1414 erat,
1233 1363 1335 1418 quia
1363 1368 1670 1418 mysteriorum
1698 1364 1887 1418 proditio
1909 1365 2247 1410 Atheniensibus
2278 1381 2378 1409 cum
2407 1381 2509 1409 con·

226 1445 463 1503 spiratione
489 1441 700 1486 libertatis
717 1441 1008 1502 subruendae
1037 1452 1175 1484 causa
1201 1438 1321 1483 facta
1347 1438 1579 1484 videbatur
1608 1438 1848 1484 cohaerere
1866 1440 1926 1497 ⁴).
1993 1440 2093 1490 Quo
2122 1439 2244 1484 sacto
2285 1442 2511 1487 absentem

227 1523 418 1568 violatae
446 1520 684 1577 religionis,
723 1533 812 1577 qua
838 1533 888 1563 re
917 1526 961 1562 et
988 1526 1080 1562 tum
1108 1525 1152 1562 et
1179 1518 1291 1562 alias
1319 1517 1528 1563 facillime
1567 1518 1721 1562 offensi
1756 1525 1859 1562 sunt
1900 1517 2195 1564 Athenienses
2218 1520 2274 1577 ⁵),
2320 1522 2511 1566 citarunt

226 1609 271 1645 et
298 1601 433 1658 missa
459 1598 651 1642 trieremi
693 1613 749 1641 ex
778 1598 931 1661 Sicilia
958 1598 1299 1642 accessiverunt.
1368 1597 1467 1640 Jam
1505 1597 1706 1640 ascendit
1749 1598 1923 1654 quidem
1950 1597 2206 1641 Alcibiades
2248 1613 2406 1643 navem
2450 1602 2508 1644 ad

225 1680 368 1738 ipsum
396 1676 714 1734 deportandum
743 1677 959 1730 emissam,
988 1677 1069 1721 sed
1097 1676 1141 1720 in
1168 1675 1321 1720 itinere
1349 1690 1399 1721 se
1429 1675 1542 1720 elam
1571 1676 1824 1721 custodibus
1852 1677 2071 1730 subduxit,
2113 1678 2233 1734 quod
2263 1694 2395 1736 quum
2433 1681 2507 1724 do-

193 1772 197 1776 *
225 1772 342 1804 mum
377 1756 620 1817 nuntiatum
649 1762 782 1812 esset,
810 1757 927 1800 bona
956 1756 1052 1813 ejus
1080 1761 1181 1799 sunt
1207 1754 1445 1811 publicata,
1472 1754 1568 1811 ipse
1597 1768 1705 1807 vero
1735 1755 1890 1811 capitis
1920 1756 2150 1799 damnatus
2168 1758 2212 1810 ⁶)
2252 1764 2296 1800 et
2337 1758 2393 1801 ab
2423 1758 2506 1800 Eu·

277 1874 316 1917 1)
365 1871 419 1907 cf.
445 1872 574 1916 Droys.
608 1871 670 1916 qui
696 1869 722 1905 l,
749 1869 773 1903 l.
799 1880 837 1914 p.
873 1867 1115 1904 meabarim
1140 1867 1187 1902 de
1219 1869 1264 1903 iis
1290 1869 1467 1914 exposuit,
1495 1869 1557 1915 qui
1583 1874 1659 1903 tuin
1702 1860 1898 1921 ἀσεβείας
1926 1870 2075 1904 crimine
2099 1872 2261 1916 coarguti
2283 1876 2378 1906 sunt.
2417 1870 2506 1906 Sunt

204 1921 207 1924 Ι
370 1942 514 1989 quidem
549 1940 732 1987 permulti.
780 1939 901 1984 Longo
932 1938 1079 1984 plurimi
1105 1944 1262 1973 extremo
1288 1938 1450 1983 periculo
1477 1938 1560 1984 fuga
1584 1949 1625 1973 se
1648 1939 1907 1982 subduxerunt,
1944 1940 2008 1975 sed
2032 1940 2197 1975 absentes
2235 1943 2365 1986 capitis
2404 1941 2505 1976 ‹lam-

370 2014 445 2048 nati
489 2018 572 2048 sunt
608 2021 805 2056 eorumque
844 2009 939 2043 bona
973 2008 1170 2054 publicata.
1218 2008 1368 2043 Athenis
1402 2014 1648 2043 remanserunt
1681 2008 1920 2053 Polystratus,
1949 2009 2138 2055 Leagoru,
2164 2016 2268 2055 pater
2296 2011 2504 2054 Andocidis‚

366 2088 403 2117 et
430 2077 601 2126 nonnulli
620 2089 757 2123 eorum,
796 2089 886 2125 quos
911 2070 1068 2114 Teucrus
1083 2077 1289 2136 Hermarum
1302 2073 1519 2115 violatorum
1538 2078 1819 2118 insimulaverat.
1854 2080 1907 2115 De
1920 2080 2099 2126 Leagorae
2122 2079 2276 2135 γραφῇ
2307 2075 2505 2135 ἀσεβείας

369 2154 418 2191 cf.
442 2153 572 2199 Droys.
597 2151 623 2188 l.
648 2150 675 2189 1.
701 2164 738 2198 p.
765 2151 835 2186 198
859 2162 941 2198 sqq.

275 2228 315 2272 ¹)
363 2224 501 2283 Andos.
527 2223 572 2257 de
595 2227 699 2267 myst.
725 2232 763 2267 p.
789 2221 847 2256 37.
895 2219 1079 2256 Dioclides
1102 2219 1147 2254 ad
1172 2223 1398 2255 trecentos
1423 2219 1488 2257 illo
1513 2220 1650 2257 scelere
1677 2220 1856 2267 piaculum
1879 2222 2101 2258 contraxisse
2124 2222 2317 2259 asserebat.

276 2297 318 2342 ⁸)
365 2296 447 2339 Lyn.
476 2304 509 2331 c.
535 2293 673 2330 Andoc.
698 2303 739 2339 p.
763 2292 820 2328 23.
849 2304 851 2306 ·
995 2320 999 2324 .

274 2370 313 2413 ⁴)
362 2366 474 2401 Recte
498 2364 663 2411 Creazor.
689 2363 810 2408 Symln
837 2363 895 2406 lv,
919 2362 991 2398 489
1014 2359 1194 2399 sittim
1222 2358 1370 2406 Piscem
1387 2367 1498 2406 ‘gestu
1526 2359 1733 2406 Ultibisbee,
1762 2368 1866 2407 aegea
1894 2358 2075 2407 {Diagorae
2102 2362 2172 2400 nub
2200 2360 2328 2399 annm
2353 2362 2418 2407 finb
2445 2374 2502 2410 jar

368 2435 613 2478 §turturinum
641 2435 696 2468 bet
720 2432 921 2478 Bffentlicbm
948 2430 1140 2468 ssutteritfit
1163 2432 1219 2466 bet
1246 2430 1435 2477 ffleufinien
1462 2430 1532 2475 §ebt
1555 2430 1696 2476 wicbtig.
2155 2447 2164 2457 ι

278 2509 316 2552 ⁸)
363 2505 460 2541 Metu
484 2504 698 2549 tyrannidis,
723 2505 754 2538 si
780 2503 867 2549 quid
890 2502 1029 2537 insoliti
1063 2503 1100 2536 in
1126 2503 1216 2536 urbe
1238 2502 1440 2545 accidisset,
1464 2500 1702 2536 Athenienses
1727 2502 1847 2536 statim
1882 2501 1927 2535 de
1954 2501 2184 2537 dissolvendo
2213 2502 2306 2538 statu
2331 2504 2500 2550 populari

368 2577 536 2613 habuisse
569 2576 822 2620 suspicionem,
857 2585 961 2609 nemo
998 2575 1155 2619 ignorat.
1204 2572 1281 2607 lam
1318 2582 1365 2606 ex
1387 2571 1515 2628 Vespis
1550 2571 1613 2607 Ar.
1640 2582 1678 2607 v.
1704 2570 1773 2607 449
1799 2582 1877 2616 sqq.
1912 2572 1982 2605 470
2004 2583 2086 2618 sqq.
2121 2576 2370 2619 cognoscimus
2406 2575 2500 2609 hunc

368 2651 500 2683 metum
524 2635 629 2680 nimi*-
653 2645 886 2689 suspicacem,
912 2653 1017 2688 quem
1039 2642 1303 2679 Demosthenes
1330 2642 1376 2676 de
1399 2643 1542 2685 syntaxi
1567 2654 1604 2686 p.
1632 2642 1700 2678 176
1726 2642 1968 2687 reprehendit.

278 2720 317 2764 ⁸)
358 2716 518 2753 >Omnino
542 2715 743 2751 cormones
767 2697 913 2760 punitos
939 2724 1027 2757 esse,
1056 2714 1131 2759 qui,
1166 2717 1207 2747 ut
1231 2712 1283 2747 ait
1305 2711 1475 2747 Horatius
1501 2709 1569 2747 od.
1595 2709 1630 2755 3,
1657 2710 1691 2755 2,
1717 2706 1774 2755 26,
1804 2709 1990 2758 'Cereris
2026 2722 2197 2747 sacrum
2236 2712 2498 2759 vulgassent

369 2796 570 2833 arcanae,
597 2785 712 2823 discas
738 2795 781 2822 ex
804 2784 930 2822 Baehr.
957 2788 1145 2823 comment.
1171 2783 1215 2819 ad
1236 2781 1335 2821 Plut.
1361 2782 1441 2821 Alc.
1468 2795 1504 2830 p.
1532 2782 1598 2820 183
1624 2794 1701 2829 sqq.
